<record><leader>00000cas a22000007a 4500</leader><controlfield tag="001">15866724</controlfield><controlfield tag="008">870609d19021970iaudn ne      0    0eng d</controlfield><datafield ind1=" " ind2=" " tag="010"><subfield code="a">sn 87058304 </subfield></datafield><datafield ind1=" " ind2=" " tag="040"><subfield code="a">INP</subfield><subfield code="b">eng</subfield><subfield code="c">INP</subfield><subfield code="d">OCLCQ</subfield></datafield><datafield ind1=" " ind2=" " tag="042"><subfield code="a">msc</subfield></datafield><datafield ind1="0" ind2=" " tag="130"><subfield code="a">Oskaloosa daily herald (Oskaloosa, Iowa : 1902)</subfield></datafield><datafield ind1="1" ind2="0" tag="245"><subfield code="a">Oskaloosa daily herald.</subfield></datafield><datafield ind1="1" ind2="3" tag="246"><subfield code="a">Evening herald</subfield></datafield><datafield ind1=" " ind2=" " tag="260"><subfield code="a">Oskaloosa, Iowa :</subfield><subfield code="b">Hoffmann Bros.,</subfield><subfield code="c">1902-1970.</subfield></datafield><datafield ind1=" " ind2=" " tag="300"><subfield code="a">v.</subfield></datafield><datafield ind1=" " ind2=" " tag="310"><subfield code="a">Daily (except Sunday)</subfield></datafield><datafield ind1="0" ind2=" " tag="362"><subfield code="a">Vol. 16, no. 19 (Sept. 29, 1902)-v. 82, no. 134 (Feb. 8, 1969) ; Feb. 10, 1969-Mar. 20, 1970.</subfield></datafield><datafield ind1=" " ind2=" " tag="500"><subfield code="a">Publisher varies.</subfield></datafield><datafield ind1=" " ind2=" " tag="752"><subfield code="a">United States</subfield><subfield code="b">Iowa</subfield><subfield code="c">Mahaska</subfield><subfield code="d">Oskaloosa.</subfield></datafield><datafield ind1="0" ind2=" " tag="775"><subfield code="t">Oskaloosa herald (Oskaloosa, Iowa : 1885)</subfield><subfield code="w">(DLC)sn 87058308</subfield><subfield code="g">1902-&lt;1918&gt;</subfield></datafield><datafield ind1="0" ind2=" " tag="775"><subfield code="t">Weekly Saturday herald</subfield><subfield code="w">(DLC)sn 87058310</subfield><subfield code="g">1902-&lt;1919&gt;</subfield></datafield><datafield ind1="0" ind2="0" tag="780"><subfield code="t">Daily evening herald (Oskaloosa, Iowa)</subfield><subfield code="w">(DLC)sn 87058303</subfield></datafield><datafield ind1="0" ind2="0" tag="785"><subfield code="t">Daily herald (Oskaloosa, Iowa : 1970)</subfield><subfield code="w">(DLC)sn 87058305</subfield></datafield></record>